@Manual{cho2019ahpsurvey,
    title = {ahpsurvey: Analytic Hierarchy Process for Survey Data},
    author = {Frankie Cho},
    year = {2019},
    note = {R package version 0.4.1},
    url = {https://CRAN.R-project.org/package=ahpsurvey}
    }
@article{rojasbriceno2021,
	title = {Site Selection for a Network of Weather Stations Using AHP and Near Analysis in a GIS Environment in Amazonas, NW Peru},
	author = {{Rojas Briceño}, Nilton B. and {Salas López}, Rolando and {Silva López}, Jhonsy O. and Oliva-Cruz, Manuel and {Gómez Fernández}, Darwin and Terrones Murga, Renzo E. and {Iliquín Trigoso}, Daniel and {Barrena Gurbillón}, Miguel and Barboza, Elgar},
	year = {2021},
	month = {11},
	date = {2021-11-28},
	journal = {Climate},
	pages = {169},
	volume = {9},
	number = {12},
	doi = {10.3390/cli9120169},
	url = {https://www.mdpi.com/2225-1154/9/12/169},
	langid = {en}
}

@inbook{saaty2001,
	title = {Fundamentals of the Analytic Hierarchy Process},
	author = {Saaty, Thomas L.},
	editor = {Schmoldt, Daniel L. and Kangas, Jyrki and Mendoza, Guillermo A. and Pesonen, Mauno},
	year = {2001},
	date = {2001},
	publisher = {Springer Netherlands},
	pages = {15--35},
	volume = {3},
	url = {http://link.springer.com/10.1007/978-94-015-9799-9_2},
	note = {Series Title: Managing Forest Ecosystems
DOI: 10.1007/978-94-015-9799-9{\_}2},
	address = {Dordrecht},
	langid = {en}
}

@article{saaty1977,
	title = {A scaling method for priorities in hierarchical structures},
	author = {Saaty, Thomas L},
	year = {1977},
	month = {06},
	date = {1977-06},
	journal = {Journal of Mathematical Psychology},
	pages = {234--281},
	volume = {15},
	number = {3},
	doi = {10.1016/0022-2496(77)90033-5},
	url = {https://linkinghub.elsevier.com/retrieve/pii/0022249677900335},
	langid = {en}
}

@article{saaty2007,
	title = {On the invalidity of fuzzifying numerical judgments in the Analytic Hierarchy Process},
	author = {Saaty, Thomas L. and Tran, Liem T.},
	year = {2007},
	month = {10},
	date = {2007-10},
	journal = {Mathematical and Computer Modelling},
	pages = {962--975},
	volume = {46},
	number = {7-8},
	doi = {10.1016/j.mcm.2007.03.022},
	url = {https://linkinghub.elsevier.com/retrieve/pii/S0895717707000787},
	langid = {en}
}

@article{saaty2013,
	title = {The Modern Science of Multicriteria Decision Making and Its Practical Applications: The AHP/ANP Approach},
	author = {Saaty, Thomas L.},
	year = {2013},
	month = {10},
	date = {2013-10},
	journal = {Operations Research},
	pages = {1101--1118},
	volume = {61},
	number = {5},
	doi = {10.1287/opre.2013.1197},
	url = {http://pubsonline.informs.org/doi/10.1287/opre.2013.1197},
	langid = {en}
}

@article{darko2019,
	title = {Review of application of analytic hierarchy process (AHP) in construction},
	author = {Darko, Amos and Chan, Albert Ping Chuen and Ameyaw, Ernest Effah and Owusu, Emmanuel Kingsford and {Pärn}, Erika and Edwards, David John},
	year = {2019},
	month = {09},
	date = {2019-09-03},
	journal = {International Journal of Construction Management},
	pages = {436--452},
	volume = {19},
	number = {5},
	doi = {10.1080/15623599.2018.1452098},
	url = {https://www.tandfonline.com/doi/full/10.1080/15623599.2018.1452098},
	langid = {en}
}

@article{podvezko2009,
	title = {Application of AHP Technique},
	author = {Podvezko, Valentinas},
	year = {2009},
	month = {06},
	date = {2009-06-05},
	journal = {Journal of Business Economics and Management},
	pages = {181--189},
	volume = {10},
	number = {2},
	doi = {10.3846/1611-1699.2009.10.181-189},
	url = {https://journals.vilniustech.lt/index.php/JBEM/article/view/6229}
}

@article{subramanian2012,
	title = {A review of applications of Analytic Hierarchy Process in operations management},
	author = {Subramanian, Nachiappan and Ramanathan, Ramakrishnan},
	year = {2012},
	month = {08},
	date = {2012-08},
	journal = {International Journal of Production Economics},
	pages = {215--241},
	volume = {138},
	number = {2},
	doi = {10.1016/j.ijpe.2012.03.036},
	url = {https://linkinghub.elsevier.com/retrieve/pii/S0925527312001442},
	langid = {en}
}

@article{breaz2017,
	title = {Selecting industrial robots for milling applications using AHP},
	author = {Breaz, Radu Eugen and Bologa, Octavian and Racz, Sever Gabriel},
	year = {2017},
	date = {2017},
	journal = {Procedia Computer Science},
	pages = {346--353},
	volume = {122},
	doi = {10.1016/j.procs.2017.11.379},
	url = {https://linkinghub.elsevier.com/retrieve/pii/S1877050917326224},
	langid = {en}
}

@Manual{rcoreteam2021r,
    title = {R: A Language and Environment for Statistical Computing},
    author = {{R Core Team}},
    organization = {R Foundation for Statistical Computing},
    address = {Vienna, Austria},
    year = {2021},
    url = {https://www.R-project.org/}
}

@Article{whicham2019welcome,
    title = {Welcome to the {tidyverse}},
    author = {Hadley Wickham and Mara Averick and Jennifer Bryan and Winston Chang and Lucy D'Agostino McGowan and Romain François and Garrett Grolemund and Alex Hayes and Lionel Henry and Jim Hester and Max Kuhn and Thomas Lin Pedersen and Evan Miller and Stephan Milton Bache and Kirill Müller and Jeroen Ooms and David Robinson and Dana Paige Seidel and Vitalie Spinu and Kohske Takahashi and Davis Vaughan and Claus Wilke and Kara Woo and Hiroaki Yutani},
    year = {2019},
    journal = {Journal of Open Source Software},
    volume = {4},
    number = {43},
    pages = {1686},
    doi = {10.21105/joss.01686}
}

@software{jose_ramon_martinez_batlle_2022_7367180,
  author       = {José Ramón Martínez-Batlle},
  title        = {{Estadística zonal multipropósito sobre información geoespacial de República Dominicana, usando Google Earth Engine, Python y R}},
  month        = nov,
  year         = 2022,
  publisher    = {Zenodo},
  version      = {v0.0.0.9000},
  doi          = {10.5281/zenodo.7367256},
  url          = {https://geofis.github.io/zonal-statistics/README.html}
}

@book{fao1976framework,
  title={A framework for land evaluation. Soil resources development and conservation service land and water development division. FAO Soils bulletin 32},
  author={{Food and Agriculture Organization of the United Nations (FAO)}},
  year={1976},
  publisher={{Food and Agriculture Organization of the United Nations (FAO)}}
}

@book{design1976hydrological,
  author={{World Meteorological Organization (WMO)} and {The International Association of Hydrological Sciences}},
  title={Hydrological network design and information transfer},
  year={1976},
  publisher={{Secretariat of the World Meteorological Organization}}
}

@book{wmo2020guide,
  title={Guide to hydrological practices. Volume I: Hydrology—From measurement to hydrological information. WMO Report No. 168},
  author={{World Meteorological Organization (WMO)}},
  pages={296},
  year={2020},
  publisher={World Meteorological Organization, Geneva, Switzerland}
}

@book{world1996guia,
  title={Gu\'{i}a de instrumentos y m\'{e}todos de observaci\'{o}n meteorol\'{o}gicos},
  author={{World Meteorological Organization (WMO)}},
  year={1996},
  publisher={Secretar\'{i}a de la Organizaci\'{o}n Meteorol\'{o}gica Mundial}
}

@book{wmo2017guide,
  title={Guide to the WMO Integrated Global Observing System. WMO-No. 1165},
  author={{World Meteorological Organization (WMO)}},
  publisher={World Meteorological Organization, Geneva, Switzerland},
  year={2017}
}

@book{wmo2017guia,
  title={Guía de Instrumentos y Métodos de Observación Meteorológicos},
  author={{World Meteorological Organization (WMO)}},
  publisher={World Meteorological Organization Geneva, Switzerland},
  year={2017}
}

@article{theochari2021hydrometeorological,
  title={Hydrometeorological-hydrometric station network design using multicriteria decision analysis and GIS techniques},
  author={Theochari, Aimilia-Panagiota and Feloni, Elissavet and Bournas, Apollon and Baltas, Evangelos},
  journal={Environmental Processes},
  volume={8},
  pages={1099--1119},
  year={2021},
  publisher={Springer}
}

@article{frei2003designing,
  title={Designing meteorological networks for Switzerland according to user requirements},
  author={Frei, Thomas},
  journal={Meteorological Applications},
  volume={10},
  number={4},
  pages={313--317},
  year={2003},
  publisher={Cambridge University Press}
}

@report{proyecto2019pma,
  title={{Proyecto Resiliencia a la Sequía. Fortalecimiento de capacidades para mejorar la seguridad alimentaria y la resiliencia ante sequía en Haití y la República Dominicana. Proyecto de preparación ante emergencias basado en pronósticos de riesgos climáticos en República Dominicana (FBF)}},
  author={{Programa Mundial de Alimentos (PMA)}},
  year={2019},
  publisher={{Programa Mundial de Alimentos (PMA)}}
}

@article{tekleyohannes2021,
	title = {Optimization of rain gauge network using multi-criteria decision analysis and entropy approaches: case of Tekeze River basin, northwestern Ethiopia},
	author = {{Tekleyohannes}, {Mulugeta} and {Grum}, {Berhane} and {Abebe}, {Niguse} and {Abebe}, {Bizuneh Asfaw}},
	year = {2021},
	month = {07},
	date = {2021-07},
	journal = {Theoretical and Applied Climatology},
	pages = {159--174},
	volume = {145},
	number = {1-2},
	doi = {10.1007/s00704-021-03604-1},
	url = {https://link.springer.com/10.1007/s00704-021-03604-1},
	langid = {en}
}

@article{ali2018,
	title = {Raingauge network optimization in a tropical urban area by coupling cross-validation with the geostatistical technique},
	author = {{Ali}, {Mohd Zaharifudin Muhamad} and {Othman}, {Faridah}},
	year = {2018},
	month = {02},
	date = {2018-02-17},
	journal = {Hydrological Sciences Journal},
	pages = {474--491},
	volume = {63},
	number = {3},
	doi = {10.1080/02626667.2018.1437271},
	url = {https://www.tandfonline.com/doi/full/10.1080/02626667.2018.1437271},
	langid = {en}
}

@article{valipour2019,
	title = {Evaluation and Optimization of Rain Gauge Network Based on the Geostatistic Methods and Firefly Algorithm. (Case study: Eastern Basin of Urmia Lake)},
	author = {{Valipour}, {Elmira} and {Ghorbani}, {Mohammad Ali} and {Asadi}, {Esmaeal}},
	year = {2019},
	date = {2019},
	journal = {Irrigation Sciences and Engineering},
	pages = {153--166},
	volume = {42},
	number = {4},
	doi = {10.22055/jise.2018.20549.1477},
	url = {https://jise.scu.ac.ir/article_14387.html},
	langid = {en}
}

@article{safavi2021,
	title = {New optimization methods for designing rain stations network using new neural network, election, and whale optimization algorithms by combining the Kriging method},
	author = {{Safavi}, {Maryam} and {Siuki}, {Abbas Khashei} and {Hashemi}, {Seyed Reza}},
	year = {2021},
	month = {01},
	date = {2021-01},
	journal = {Environmental Monitoring and Assessment},
	pages = {4},
	volume = {193},
	number = {1},
	doi = {10.1007/s10661-020-08726-z},
	url = {http://link.springer.com/10.1007/s10661-020-08726-z},
	langid = {en}
}

@article{bertini2021,
	title = {An entropy-based approach for the optimization of rain gauge network using satellite and ground-based data},
	author = {{Bertini}, {Claudia} and {Ridolfi}, {Elena} and {de Padua}, {Luiz Henrique Resende} and {Russo}, {Fabio} and {Napolitano}, {Francesco} and {Alfonso}, {Leonardo}},
	year = {2021},
	month = {06},
	date = {2021-06-01},
	journal = {Hydrology Research},
	pages = {620--635},
	volume = {52},
	number = {3},
	doi = {10.2166/nh.2021.113},
	url = {https://iwaponline.com/hr/article/52/3/620/81371/An-entropy-based-approach-for-the-optimization-of},
	langid = {en}
}

@article{chakhar2008spatial,
  title={Spatial multicriteria decision making},
  author={Chakhar, Salem and Mousseau, Vincent},
  journal={Encyclopedia of GIS},
  volume={10},
  pages={978--0},
  year={2008},
  publisher={Springer New York}
}

@article{malczewski2004gis,
  title={GIS-based land-use suitability analysis: a critical overview},
  author={Malczewski, Jacek},
  journal={Progress in planning},
  volume={62},
  number={1},
  pages={3--65},
  year={2004},
  publisher={Elsevier}
}

@article{eastman1998multi,
  title={Multi-criteria and multi-objective decision making for land allocation using GIS},
  author={Eastman, J Ronald and Jiang, Hong and Toledano, James},
  journal={Multicriteria analysis for land-use management},
  pages={227--251},
  year={1998},
  publisher={Springer}
}

@book{koksalan2011multiple,
  title={Multiple Criteria Decision Making: From Early History to the 21st Century},
  author={K{\"o}ksalan, M.M. and Wallenius, J. and Zionts, S.},
  isbn={9789814335591},
  lccn={2011018830},
  url={https://books.google.com.do/books?id=LqAw1539l\_cC},
  year={2011},
  publisher={World Scientific}
}

@book{thiriez1975multiple,
  title={Multiple Criteria Decision Making: Proceedings of a Conference Jouy-en-Josas, France May 21--23, 1975},
  author={Thiriez, Herv{\'e} and Zionts, Stanley},
  volume={130},
  year={1975},
  publisher={Springer Science \& Business Media}
}

@Article{encyclopedia3010006,
AUTHOR = {Taherdoost, Hamed and Madanchian, Mitra},
TITLE = {Multi-Criteria Decision Making (MCDM) Methods and Concepts},
JOURNAL = {Encyclopedia},
VOLUME = {3},
YEAR = {2023},
NUMBER = {1},
PAGES = {77--87},
URL = {https://www.mdpi.com/2673-8392/3/1/6},
ISSN = {2673-8392},
ABSTRACT = {Multi-criteria decision-making (MCDM) is one of the main decision-making problems which aims to determine the best alternative by considering more than one criterion in the selection process. MCDM has manifold tools and methods that can be applied in different fields from finance to engineering design. This entry aims to provide a survey on the MCDM concept, its applications, main categories, and different methods. The final section provides manifold information and statistics on the published works in the MCDM fields. Some of the main methods are also listed in this section.},
DOI = {10.3390/encyclopedia3010006}
}

@article{Marchi2019EvaluatingWV,
  title={Evaluating WorldClim Version 1 (1961–1990) as the Baseline for Sustainable Use of Forest and Environmental Resources in a Changing Climate},
  author={Maurizio Marchi and Iztok Sinjur and Michele Bozzano and Marjana Westergren},
  journal={Sustainability},
  year={2019}
}

@article{vanWilgen2016RisingTA,
  title={Rising temperatures and changing rainfall patterns in South Africa's national parks},
  author={Nicola J. van Wilgen and Victoria L. Goodall and Stephen D. Holness and Steven L. Chown and Melodie A. McGeoch},
  journal={International Journal of Climatology},
  year={2016},
  volume={36}
}

@article{Chung2018SpatialAO,
  title={Spatial analysis of the effective coverage of land-based weather stations for traffic crashes},
  author={Whoi-bin Chung and Mohamed A. Abdel-Aty and Jaeyoung Lee},
  journal={Applied Geography},
  year={2018},
  volume={90},
  pages={17-27}
}

@article{Le2019ClimateCA,
  title={Climate change adaptation in coastal cities of developing countries: characterizing types of vulnerability and adaptation options},
  author={Ngoc Le, Tu Dam},
  journal={Mitigation and Adaptation Strategies for Global Change},
  year={2019},
  volume={25},
  pages={739 - 761}
}

@article{Lohmann2016ComparingVA,
  title={{Comparing vulnerability and adaptive capacity to climate change in individuals of coastal Dominican Republic}},
  author={Hilary Lohmann},
  journal={Ocean \& Coastal Management},
  year={2016},
  volume={132},
  pages={111-119}
}

@article{Izzo2010ANC,
  title={{A New Climatic Map of the Dominican Republic Based on the Thornthwaite Classification}},
  author={Michela Izzo and Carmen Maria Rosskopf and Pietro P. C. Aucelli and Antonio Maratea and R. Espinosa M{\'e}ndez and Caridad P{\'e}rez and Hugo Segura},
  journal={Physical Geography},
  year={2010},
  volume={31},
  pages={455 - 472}
}

@article{Roson2013AMF,
  title={{A Modeling Framework to Assess the Economic Impact of Climate Change in the Caribbean}},
  author={Roberto Roson},
  journal={Cepal Review},
  year={2013},
  volume={111},
  pages={23-36}
}

@article{LincolnLenderking2020ClimateCA,
  title={{Climate change and food security in Caribbean small island developing states: challenges and strategies}},
  author={Lincoln Lenderking, Hania and Robinson, Stacy‐ann and Carlson, Gail R.},
  journal={International Journal of Sustainable Development \& World Ecology},
  year={2020},
  volume={28},
  pages={238 - 245}
}

@article{Mackay2017TheFO,
  title={{The future of Caribbean tourism: competition and climate change implications}},
  author={Elizabeth Alecia Mackay and Andrew J. Spencer},
  journal={Worldwide Hospitality and Tourism Themes},
  year={2017},
  volume={9},
  pages={44-59}
}

@misc{icm1989serie,
  title={{Serie E733 de mapas topográficos escala 1:50,000}},
  author={{Instituto Cartográfico Militar (ICM)}},
  year={1989},
  publisher={{Instituto Cartográfico Militar}},
  address={Santo Domingo}
}

@report{indrhi2019inventario,
  title={{Inventario de Estaciones Hidrometeorológicas. Informe Final}},
  author={INDRHI},
  year={2019},
  publisher={{Instituto Nacional de Recursos Hidráulicos}},
  address={Santo Domingo}
}
@article{burn1997,
	title = {Hydrological information for sustainable development},
	author = {Burn, Donald H.},
	year = {1997},
	month = {08},
	date = {1997-08},
	journal = {Hydrological Sciences Journal},
	pages = {481--492},
	volume = {42},
	number = {4},
	doi = {10.1080/02626669709492048},
	url = {http://www.tandfonline.com/doi/abs/10.1080/02626669709492048},
	langid = {en}
}

@article{mishra2010,
	title = {Hydrometric network evaluation for Canadian watersheds},
	author = {Mishra, A.K. and Coulibaly, P.},
	year = {2010},
	month = {01},
	date = {2010-01},
	journal = {Journal of Hydrology},
	pages = {420--437},
	volume = {380},
	number = {3-4},
	doi = {10.1016/j.jhydrol.2009.11.015},
	url = {https://linkinghub.elsevier.com/retrieve/pii/S0022169409007240},
	langid = {en}
}

@article{mishra2009,
	title = {Developments in hydrometric network design: A review},
	author = {Mishra, Ashok K. and Coulibaly, Paulin},
	year = {2009},
	month = {04},
	date = {2009-04-04},
	journal = {Reviews of Geophysics},
	pages = {RG2001},
	volume = {47},
	number = {2},
	doi = {10.1029/2007RG000243},
	url = {http://doi.wiley.com/10.1029/2007RG000243},
	langid = {en}
}

@misc{lindsay2018whiteboxtools,
  title={{WhiteboxTools user manual}},
  author={Lindsay, John B},
  howpublished={Available online: \url{https://www.whiteboxgeo.com/manual/wbt_book/intro.html} (accessed on abril, 2023)},
  year={2018},
  note={Accessed: abril, 2023}
}

@misc{one2023division,
  title={{División territorial de República Dominicana}},
  author={{Oficina Nacional de Estadística (ONE)}},
  howpublished={Available online: \url{https://www.one.gob.do/media/s5gdl00n/divisi%C3%B3n-territorial-2020-t.pdf} (accessed on abril, 2023)},
  year={2018},
  note={Accessed: abril, 2023}
}

@misc{gadm,
  title={{GADM}},
  author={{GADM}},
  howpublished={Available online: \url{https://gadm.org/index.html} (accessed on abril, 2023)},
  year={2022},
  note={Accessed: abril, 2023}
}

@misc{ocha2023hdx,
  title={{Humanitarian Data Exchange (OCHA)}},
  author={{OCHA}},
  howpublished={Available online: \url{https://data.humdata.org/dataset/cod-ab-dom} (accessed on abril, 2023)},
  year={2022},
  note={Accessed: abril, 2023}
}

@misc{OpenStreetMap,
  author = {{OpenStreetMap contributors}},
  title = {{Planet dump retrieved from https://planet.osm.org }},
  howpublished = {Available online: \url{https://www.openstreetmap.org} (accessed on abril, 2023)},
  year = {2017},
  note={Accessed: abril, 2023}
}
 
@article{lindsay2019,
	title = {LiDAR DEM Smoothing and the Preservation of Drainage Features},
	author = {Lindsay, John B. and Francioni, Anthony and Cockburn, Jaclyn M. H.},
	year = {2019},
	month = {08},
	date = {2019-08-17},
	journal = {Remote Sensing},
	pages = {1926},
	volume = {11},
	number = {16},
	doi = {10.3390/rs11161926},
	url = {https://www.mdpi.com/2072-4292/11/16/1926},
	langid = {en}
}

@Manual{GRASS_GIS_software,
  title = {Geographic Resources Analysis Support System (GRASS) Software, Version 8.0.2},
  author = {{GRASS Development Team}},
  organization = {Open Source Geospatial Foundation},
  address = {USA},
  year = {2022},
  url = {https://grass.osgeo.org},
}

@Manual{gdal2022gdal,
  title = {{GDAL/OGR} Geospatial Data Abstraction software Library},
  author = {{GDAL/OGR contributors}},
  organization = {Open Source Geospatial Foundation},
  year = {2022},
  url = {https://gdal.org},
  doi = {10.5281/zenodo.5884351},
}

@misc{jaxameti2007alos,
  title={{ALOS PALSAR_Radiometric_Terrain_Corrected_high_res. Includes material de JAXA/METI 2010}},
  author={{ASF DAAC}},
  howpublished={Available online. Accessed through ASF DAAC \url{https://asf.alaska.edu/}. DOI: \url{https://doi.org/10.5067/Z97HFCNKR6VA} (accessed on abril, 2023)},
  year={2015},
  note={Accessed: abril, 2023}
}

@Manual{QGIS_software,
  title = {QGIS Geographic Information System, Version 3.26.2},
  author = {{QGIS Development Team}},
  organization = {QGIS Association},
  year = {2021},
  url = {https://www.qgis.org},
}

@article{aziz2022,
	title = {Comparison of different resolutions of six free online DEMs with GPS elevation data on a new 6th of October City, Egypt},
	author = {Aziz, Khaled Mahmoud Abdel and Rashwan, Karim Samir},
	year = {2022},
	month = {10},
	date = {2022-10},
	journal = {Arabian Journal of Geosciences},
	pages = {1585},
	volume = {15},
	number = {20},
	doi = {10.1007/s12517-022-10845-5},
	url = {https://link.springer.com/10.1007/s12517-022-10845-5},
	langid = {en}
}

@article{lindsay2016,
	title = {The practice of DEM stream burning revisited: The Practice of DEM Stream Burning Revisited},
	author = {Lindsay, John B.},
	year = {2016},
	month = {04},
	date = {2016-04},
	journal = {Earth Surface Processes and Landforms},
	pages = {658--668},
	volume = {41},
	number = {5},
	doi = {10.1002/esp.3888},
	url = {https://onlinelibrary.wiley.com/doi/10.1002/esp.3888},
	langid = {en}
}

@article{saunders2000,
	title = {Preparation of DEMs for use in environmental modeling analysis},
	author = {Saunders, William},
	year = {2000},
	date = {2000},
	journal = {Hydrologic and Hydraulic Modeling Support. Redlands, CA: ESRI},
	pages = {29{\textendash}51}
}

@misc{googlemaps,
	title = {Google Maps},
	author = {{Google; Airbus, CNES; Airbus, Landsat; Copernicus; Maxar Technologies; U.S. Geological Survey}},
	url = {https://www.google.com/maps/},
	year= {2023},
	langid = {es-DO}
}

@book{indrhi2012plan,
  title = {{Plan Hidrológico Nacional, República Dominicana}},
  author={INDRHI},
  year={2012},
  publisher={{Instituto Nacional de Recursos Hidráulicos (INDRHI)}}
}

@book{indrhiaquater2000estudio,
  title = {{Estudio Hidrogeológico Nacional de la República Dominicana, Fase I. Memoria de Proyecto, 7 volúmenes}},
  author={INDRHI and AQUATER},
  year={2000},
  publisher={{Instituto Nacional de Recursos Hidráulicos (INDRHI)}}
}

@book{indrhieptisa2004estudio,
  title = {{Estudio Hidrogeológico Nacional de la República Dominicana, Fase II}},
  author={INDRHI and EPTISA},
  year={2000},
  publisher={{Instituto Nacional de Recursos Hidráulicos (INDRHI)}}
}

@book{oeaindrhi1994estudio,
  title = {{Plan Nacional de Ordenamiento de los Recursos Hídricos (PNORHI)}},
  author={OEA and INDRHI},
  year={1994},
  publisher={{Instituto Nacional de Recursos Hidráulicos (INDRHI)}}
}

@book{indrhi1996estadisticas,
  title = {{Estadísticas del Agua en la República Dominicana}},
  author={INDRHI},
  year={1996},
  publisher={{Instituto Nacional de Recursos Hidráulicos (INDRHI)}}
}

@book{semarn2004atlas,
  title = {{Atlas de los Recursos Naturales de la República Dominicana}},
  author={{Secretaría de Estado de Medio Ambiente y Recursos Naturales}},
  year={2004},
  publisher={{Secretaría de Estado de Medio Ambiente y Recursos Naturales}}
}

@article{rodriguez2006potencial,
  title = {{Potencial idrogeológico de la República Dominicana}},
  author={Rodríguez, H. and Febrillet, J.F.},
  year={2006},
  journal = {Boletín Geológico y Minero},
  volume = {117},
  address = {Madrid, España},
  publisher={{Instituto Geológico y Minero de España}}
}


@book{cidiatindrhi1992control,
  title = {{Control de Inundaciones en la cuenca del Río Yaque del Sur}},
  author={CIDIAT and INDRHI},
  year={1992},
  publisher={{Instituto Nacional de Recursos Hidráulicos (INDRHI)}}
}

@book{halcrow1992estudio,
  title = {{Estudio de Vulnerabilidad de las Grandes Presas}},
  author={{Halcrow-COR Ing. S.A.}},
  year={2002},
  publisher={{Instituto Nacional de Recursos Hidráulicos (INDRHI)}}
}

@book{sercitecindrhi2002control,
  title = {{Control de Inundaciones de la cuenca del Río Yaque del Norte}},
  author={SERCITEC and INDRHI},
  year={2002},
  publisher={{Instituto Nacional de Recursos Hidráulicos (INDRHI)}}
}

@book{rantz1982measurementv1,
  title={Measurement and computation of streamflow. Volume 1. Measurement of Stage and Discharge},
  author={Rantz, Saul Edward},
  volume={2175},
  year={1982},
  publisher={US Department of the Interior, Geological Survey}
}

@book{rantz1982measurementv2,
  title={Measurement and computation of streamflow. Volume 2. Computation of Discharge},
  author={Rantz, Saul Edward},
  volume={2175},
  year={1982},
  publisher={US Department of the Interior, Geological Survey}
}

@book{foucault1985diccionario,
  title={Diccionario de Geología},
  author={Foucault, A. and Raoult, J.F.},
  isbn={9788431103798},
  url={https://books.google.com.do/books?id=x5FDPQAACAAJ},
  year={1985},
  publisher={MASSON}
}

@book{mollat2004mapa,
  title={{Mapa Geol{\'o}gico de la Rep{\'u}blica Dominicana 1~:~250.000. Texto Explicativo}},
  author={Mollat, Hartmut and Wagner, Bernhard M and Cepek, Pavel and Weiss, Wolfgang},
  year={2004},
  address={Stuttgart},
  publisher={E. Schweizerbart'sche Verlagsbuchhandiung}
}


@article{jasiewicz2011,
	title = {A new GRASS GIS toolkit for Hortonian analysis of drainage networks},
	author = {Jasiewicz, {Jaros{\L}aw} and Metz, Markus},
	year = {2011},
	month = {08},
	date = {2011-08},
	journal = {Computers & Geosciences},
	pages = {1162--1173},
	volume = {37},
	number = {8},
	doi = {10.1016/j.cageo.2011.03.003},
	url = {https://linkinghub.elsevier.com/retrieve/pii/S0098300411000975},
	langid = {en}
}

@article{jasiewicz2011a,
	title = {A new GRASS GIS toolkit for Hortonian analysis of drainage networks},
	author = {Jasiewicz, {Jaros{\L}aw} and Metz, Markus},
	year = {2011},
	month = {08},
	date = {2011-08},
	journal = {Computers & Geosciences},
	pages = {1162--1173},
	volume = {37},
	number = {8},
	doi = {10.1016/j.cageo.2011.03.003},
	url = {https://linkinghub.elsevier.com/retrieve/pii/S0098300411000975},
	langid = {en}
}

@article{jasiewicz2013,
	title = {Geomorphons {\textemdash} a pattern recognition approach to classification and mapping of landforms},
	author = {Jasiewicz, {Jaros{\l}aw} and Stepinski, Tomasz F.},
	year = {2013},
	month = {01},
	date = {2013-01},
	journal = {Geomorphology},
	pages = {147--156},
	volume = {182},
	doi = {10.1016/j.geomorph.2012.11.005},
	url = {https://linkinghub.elsevier.com/retrieve/pii/S0169555X12005028},
	langid = {en}
}

@article{marchesini2021,
	title = {Data-driven flood hazard zonation of Italy},
	author = {Marchesini, Ivan and Salvati, Paola and Rossi, Mauro and Donnini, Marco and Sterlacchini, Simone and Guzzetti, Fausto},
	year = {2021},
	month = {09},
	date = {2021-09},
	journal = {Journal of Environmental Management},
	pages = {112986},
	volume = {294},
	doi = {10.1016/j.jenvman.2021.112986},
	url = {https://linkinghub.elsevier.com/retrieve/pii/S0301479721010483},
	langid = {en}
}

@article{freedman1981,
	title = {On the histogram as a density estimator:L 2 theory},
	author = {Freedman, David and Diaconis, Persi},
	year = {1981},
	month = {12},
	date = {1981-12},
	journal = {Zeitschrift für Wahrscheinlichkeitstheorie und Verwandte Gebiete},
	pages = {453--476},
	volume = {57},
	number = {4},
	doi = {10.1007/BF01025868},
	url = {http://link.springer.com/10.1007/BF01025868},
	langid = {en}
}

@article{chen2022,
	title = {Automatic monitoring of surface water dynamics using Sentinel-1 and Sentinel-2 data with Google Earth Engine},
	author = {Chen, Zhiheng and Zhao, Shuhe},
	year = {2022},
	month = {09},
	date = {2022-09},
	journal = {International Journal of Applied Earth Observation and Geoinformation},
	pages = {103010},
	volume = {113},
	doi = {10.1016/j.jag.2022.103010},
	url = {https://linkinghub.elsevier.com/retrieve/pii/S1569843222001984},
	langid = {en}
}

@techreport{martinezbatlle2019,
	title = {Drainage rearrangement as a driver of geomorphological evolution during the Upper Pleistocene in a small tropical basin},
	author = {Martinez Batlle, Jose},
	year = {2019},
	month = {04},
	date = {2019-04-30},
	doi = {10.31223/OSF.IO/PFZVQ},
	url = {https://eartharxiv.org/repository/view/917},
	note = {DOI: 10.31223/OSF.IO/PFZVQ}
}

@article{batlle2019,
	title = {Drainage Rearrangement as a Driver of Geomorphological Evolution During the Upper Pleistocene in a Small Tropical Basin},
	author = {Martínez-Batlle, José-Ramón},
	year = {2019},
	month = {05},
	date = {2019-05-30},
	journal = {Journal of Geography and Geology},
	pages = {1},
	volume = {11},
	number = {2},
	doi = {10.5539/jgg.v11n2p1},
	url = {http://www.ccsenet.org/journal/index.php/jgg/article/view/0/39703}
}

@article{gallant2003,
	title = {A multiresolution index of valley bottom flatness for mapping depositional areas: MULTIRESOLUTION VALLEY BOTTOM FLATNESS},
	author = {Gallant, John C. and Dowling, Trevor I.},
	year = {2003},
	month = {12},
	date = {2003-12},
	journal = {Water Resources Research},
	volume = {39},
	number = {12},
	doi = {10.1029/2002WR001426},
	url = {http://doi.wiley.com/10.1029/2002WR001426},
	langid = {en}
}





@Manual{zhu2021kableextra,
  title = {kableExtra: Construct Complex Table with 'kable' and Pipe Syntax},
  author = {Hao Zhu},
  year = {2021},
  note = {R package version 1.3.4},
  url = {https://CRAN.R-project.org/package=kableExtra}
}

@InCollection{xie2014implementing,
  booktitle = {Implementing Reproducible Computational Research},
  editor = {Victoria Stodden and Friedrich Leisch and Roger D. Peng},
  title = {knitr: A Comprehensive Tool for Reproducible Research in {R}},
  author = {Yihui Xie},
  publisher = {Chapman and Hall/CRC},
  year = {2014},
  note = {ISBN 978-1466561595}
}

@Article{pebesma2016measurement,
  title = {Measurement Units in {R}},
  author = {Edzer Pebesma and Thomas Mailund and James Hiebert},
  year = {2016},
  journal = {R Journal},
  doi = {10.32614/RJ-2016-061},
  pages = {486--494},
  volume = {8},
  number = {2}
}

@Book{xie2020rmarkdown,
  title = {R Markdown Cookbook},
  author = {Yihui Xie and Christophe Dervieux and Emily Riederer},
  publisher = {Chapman and Hall/CRC},
  address = {Boca Raton, Florida},
  year = {2020},
  isbn = {9780367563837},
  url = {https://bookdown.org/yihui/rmarkdown-cookbook}
}

@Book{pebesma2023spatial,
  author = {Edzer Pebesma and Roger Bivand},
  title = {{Spatial Data Science: With applications in R}},
  year = {2023},
  publisher = {{Chapman and Hall/CRC}},
  url = {https://r-spatial.org/book/},
  doi = {10.1201/9780429459016},
}

@Article{pebesma2018simple,
  author = {Edzer Pebesma},
  title = {{Simple Features for R: Standardized Support for Spatial Vector Data}},
  year = {2018},
  journal = {{The R Journal}},
  doi = {10.32614/RJ-2018-009},
  url = {https://doi.org/10.32614/RJ-2018-009},
  pages = {439--446},
  volume = {10},
  number = {1},
}

@Manual{hijmans2024terra,
  title = {terra: Spatial Data Analysis},
  author = {Robert J. Hijmans},
  year = {2024},
  note = {R package version 1.7-78},
  url = {https://CRAN.R-project.org/package=terra},
}

@Manual{hijmans2023raster,
  title = {raster: Geographic Data Analysis and Modeling},
  author = {Robert J. Hijmans},
  year = {2023},
  note = {R package version 3.6-26},
  url = {https://CRAN.R-project.org/package=raster},
}

@Article{hadley2019welcome,
  title = {Welcome to the {tidyverse}},
  author = {Hadley Wickham and Mara Averick and Jennifer Bryan and Winston Chang and Lucy D'Agostino McGowan and Romain François and Garrett Grolemund and Alex Hayes and Lionel Henry and Jim Hester and Max Kuhn and Thomas Lin Pedersen and Evan Miller and Stephan Milton Bache and Kirill Müller and Jeroen Ooms and David Robinson and Dana Paige Seidel and Vitalie Spinu and Kohske Takahashi and Davis Vaughan and Claus Wilke and Kara Woo and Hiroaki Yutani},
  year = {2019},
  journal = {Journal of Open Source Software},
  volume = {4},
  number = {43},
  pages = {1686},
  doi = {10.21105/joss.01686},
}
  
@Manual{rcoreteam2024r,
  title = {R: A Language and Environment for Statistical Computing},
  author = {{R Core Team}},
  organization = {R Foundation for Statistical Computing},
  address = {Vienna, Austria},
  year = {2024},
  url = {https://www.R-project.org/},
}

@article{GORELICK201718,
  title = {Google Earth Engine: Planetary-scale geospatial analysis for everyone},
  journal = {Remote Sensing of Environment},
  volume = {202},
  pages = {18-27},
  year = {2017},
  note = {Big Remotely Sensed Data: tools, applications and experiences},
  issn = {0034-4257},
  doi = {https://doi.org/10.1016/j.rse.2017.06.031},
  url = {https://www.sciencedirect.com/science/article/pii/S0034425717302900},
  author = {Noel Gorelick and Matt Hancher and Mike Dixon and Simon Ilyushchenko and David Thau and Rebecca Moore},
  keywords = {Cloud computing, Big data, Analysis, Platform, Data democratization, Earth Engine},
  abstract = {Google Earth Engine is a cloud-based platform for planetary-scale geospatial analysis that brings Google's massive computational capabilities to bear on a variety of high-impact societal issues including deforestation, drought, disaster, disease, food security, water management, climate monitoring and environmental protection. It is unique in the field as an integrated platform designed to empower not only traditional remote sensing scientists, but also a much wider audience that lacks the technical capacity needed to utilize traditional supercomputers or large-scale commodity cloud computing resources.}
}

@misc{uber2024h3,
  title={{H3. Hierarchical Hexagonal Geospatial Indexing System}},
  author={{Uber Technologies, Inc.}},
  howpublished={Available online: \url{https://h3geo.org/docs} (accessed December, 2024)},
  year={2024},
  note={Accessed: December, 2024}
}

@software{google2023earthengine,
  author       = {{Google Earth Engine Contributors}},
  title        = {Earth Engine API},
  year         = 2023,
  url          = {https://github.com/google/earthengine-api},
  note         = {Accessed: November, 2023}
}

@article{wu_geemap_2020,
	title = {geemap: {A} {Python} package for interactive mapping with {Google} {Earth} {Engine}},
	volume = {5},
	copyright = {http://creativecommons.org/licenses/by/4.0/},
	issn = {2475-9066},
	shorttitle = {geemap},
	url = {https://joss.theoj.org/papers/10.21105/joss.02305},
	doi = {10.21105/joss.02305},
	number = {51},
	urldate = {2024-12-22},
	journal = {Journal of Open Source Software},
	author = {Wu, Qiusheng},
	month = jul,
	year = {2020},
	pages = {2305}
}

@inproceedings{hartung2010odk,
  author = {Hartung, Carl and Lerer, Adam and Anokwa, Yaw and Tseng, Clint and Brunette, Waylon and Borriello, Gaetano},
  title = {Open data kit: tools to build information services for developing regions},
  year = {2010},
  isbn = {9781450307871},
  publisher = {Association for Computing Machinery},
  address = {New York, NY, USA},
  url = {https://doi.org/10.1145/2369220.2369236},
  doi = {10.1145/2369220.2369236},
  articleno = {18},
  numpages = {12},
  keywords = {mobile phones, mobile computing, client-server distributed systems, ICTD},
  location = {London, United Kingdom},
  series = {ICTD '10}
}

@misc{getodk2024,
  title = {Get ODK},
  author = {{Get ODK Inc.}},
  howpublished = {\url{https://getodk.org/}},
  year = {2024},
  note = {San Diego, CA, USA. Accessed: November, 2024}
}

@article{kemppinen_microclimate_2024,
  title = {Microclimate, an important part of ecology and biogeography},
  volume = {33},
  issn = {1466-822X, 1466-8238},
  url = {https://onlinelibrary.wiley.com/doi/10.1111/geb.13834},
  doi = {10.1111/geb.13834},
  language = {en},
  number = {6},
  urldate = {2024-12-29},
  journal = {Global Ecology and Biogeography},
  author = {Kemppinen, Julia and Lembrechts, Jonas J. and Van Meerbeek, Koenraad and Carnicer, Jofre and Chardon, Nathalie Isabelle and Kardol, Paul and Lenoir, Jonathan and Liu, Daijun and Maclean, Ilya and Pergl, Jan and Saccone, Patrick and Senior, Rebecca A. and Shen, Ting and Słowińska, Sandra and Vandvik, Vigdis and von Oppen, Jonathan and Aalto, Juha and Ayalew, Biruk and Bates, Olivia and Bertelsmeier, Cleo and Bertrand, Romain and Beugnon, Rémy and Borderieux, Jeremy and Brůna, Josef and Buckley, Lauren and Bujan, Jelena and Casanova-Katny, Angelica and Christiansen, Ditte Marie and Collart, Flavien and De Lombaerde, Emiel and De Pauw, Karen and Depauw, Leen and Di Musciano, Michele and Díaz Borrego, Raquel and Díaz-Calafat, Joan and Ellis-Soto, Diego and Esteban, Raquel and de Jong, Geerte Fälthammar and Gallois, Elise and Garcia, Maria Begoña and Gillerot, Loïc and Greiser, Caroline and Gril, Eva and Haesen, Stef and Hampe, Arndt and Hedwall, Per-Ola and Hes, Gabriel and Hespanhol, Helena and Hoffrén, Raúl and Hylander, Kristoffer and Jiménez-Alfaro, Borja and Jucker, Tommaso and Klinges, David and Kolstela, Joonas and Kopecký, Martin and Kovács, Bence and Maeda, Eduardo Eiji and Máliš, František and Man, Matěj and Mathiak, Corrie and Meineri, Eric and Naujokaitis-Lewis, Ilona and Nijs, Ivan and Normand, Signe and Nuñez, Martin and Orczewska, Anna and Peña-Aguilera, Pablo and Pincebourde, Sylvain and Plichta, Roman and Quick, Susan and Renault, David and Ricci, Lorenzo and Rissanen, Tuuli and Segura-Hernández, Laura and Selvi, Federico and Serra-Diaz, Josep M. and Soifer, Lydia and Spicher, Fabien and Svenning, Jens-Christian and Tamian, Anouch and Thomaes, Arno and Thoonen, Marijke and Trew, Brittany and Van de Vondel, Stijn and van den Brink, Liesbeth and Vangansbeke, Pieter and Verdonck, Sanne and Vitkova, Michaela and Vives-Ingla, Maria and von Schmalensee, Loke and Wang, Runxi and Wild, Jan and Williamson, Joseph and Zellweger, Florian and Zhou, Xiaqu and Zuza, Emmanuel Junior and De Frenne, Pieter},
  month = jun,
  year = {2024},
  pages = {e13834}
}

@article{kristofer2021low,
  author = {Kristofer Chan and Daniel N Schillereff and Andreas CW Baas and Michael A Chadwick and Bruce Main and Mark Mulligan and Francis T O’Shea and Reagan Pearce and Thomas EL Smith and Arnout van Soesbergen and Emma Tebbs and Joseph Thompson},
  title ={Low-cost electronic sensors for environmental research: Pitfalls and opportunities},
  journal = {Progress in Physical Geography: Earth and Environment},
  volume = {45},
  number = {3},
  pages = {305-338},
  year = {2021},
  doi = {10.1177/0309133320956567},
  URL = {https://doi.org/10.1177/0309133320956567},
  eprint = {https://doi.org/10.1177/0309133320956567}
}

@Article{theisen2020more,
  AUTHOR = {Theisen, A. and Ungar, M. and Sheridan, B. and Illston, B. G.},
  TITLE = {More science with less: evaluation of a 3D-printed weather station},
  JOURNAL = {Atmospheric Measurement Techniques},
  VOLUME = {13},
  YEAR = {2020},
  NUMBER = {9},
  PAGES = {4699--4713},
  URL = {https://amt.copernicus.org/articles/13/4699/2020/},
  DOI = {10.5194/amt-13-4699-2020}
}